@article{camilli1992conceptual,
  title={A conceptual analysis of differential item functioning in terms of a multidimensional item response model},
  author={Camilli, Gregory},
  journal={Applied Psychological Measurement},
  volume={16},
  number={2},
  pages={129--147},
  year={1992},
  publisher={Sage Publications Sage CA: Thousand Oaks, CA}
}
@article{ackerman1992didactic,
  title={A didactic explanation of item bias, item impact, and item validity from a multidimensional perspective},
  author={Ackerman, Terry A},
  journal={Journal of educational measurement},
  volume={29},
  number={1},
  pages={67--91},
  year={1992},
  publisher={Wiley Online Library}
}
@article{kopf2015framework,
  title={A framework for anchor methods and an iterative forward approach for DIF detection},
  author={Kopf, Julia and Zeileis, Achim and Strobl, Carolin},
  journal={Applied Psychological Measurement},
  volume={39},
  number={2},
  pages={83--103},
  year={2015},
  publisher={Sage Publications Sage CA: Los Angeles, CA}
}
@article{meade2012solving,
  title={Solving the measurement invariance anchor item problem in item response theory.},
  author={Meade, Adam W and Wright, Natalie A},
  journal={Journal of Applied Psychology},
  volume={97},
  number={5},
  pages={1016},
  year={2012},
  publisher={American Psychological Association}
}
@article{edelen2006identification,
  title={Identification of differential item functioning using item response theory and the likelihood-based model comparison approach: application to the Mini-Mental State Examination},
  author={Edelen, Maria Orlando and Thissen, David and Teresi, Jeanne A and Kleinman, Marjorie and Ocepek-Welikson, Katja},
  journal={Medical Care},
  pages={S134--S142},
  year={2006},
  publisher={JSTOR}
}
